@inproceedings{gilbert2010understanding,
  title={Understanding deja reviewers},
  author={Gilbert, Eric and Karahalios, Karrie},
  booktitle={Proceedings of the 2010 ACM conference on Computer supported cooperative work},
  pages={225--228},
  year={2010},
  organization={ACM}
}
